@misc{peacher2020inoculum,
  title={Inoculum handling alters the strength and direction of plant--microbe interactions},
  author={Peacher, Madison D and Meiners, Scott J},
  year={2020},
  publisher={Wiley Online Library}
}

@article{chung2019connecting,
  title={Connecting plant--soil feedbacks to long-term stability in a desert grassland},
  author={Chung, Y Anny and Collins, Scott L and Rudgers, Jennifer A},
  journal={Ecology},
  volume={100},
  number={8},
  pages={e02756},
  year={2019},
  publisher={Wiley Online Library}
}

@article{gelman2000diagnostic,
  title={Diagnostic checks for discrete data regression models using posterior predictive simulations},
  author={Gelman, Andrew and Goegebeur, Yuri and Tuerlinckx, Francis and Van Mechelen, Iven},
  journal={Journal of the Royal Statistical Society: Series C (Applied Statistics)},
  volume={49},
  number={2},
  pages={247--268},
  year={2000},
  publisher={Wiley Online Library}
}

@article{berkhof2000posterior,
  title={Posterior predictive checks: Principles and discussion},
  author={Berkhof, Johannes and Van Mechelen, Iven and Hoijtink, Herbert},
  journal={Computational Statistics},
  volume={15},
  pages={337--354},
  year={2000},
  publisher={Springer}
}

@Misc{Rstan,
    title = {{RStan}: the {R} interface to {Stan}},
    author = {{Stan Development Team}},
    note = {R package version 2.32.6},
    year = {2024},
    url = {https://mc-stan.org/},
  }

@Manual{RCoreTeam,
    title = {R: A Language and Environment for Statistical Computing},
    author = {{R Core Team}},
    organization = {R Foundation for Statistical Computing},
    address = {Vienna, Austria},
    year = {2023},
    url = {https://www.R-project.org/},
  }

@article{meshram2017long,
  title={Long-term trend and variability of precipitation in Chhattisgarh State, India},
  author={Meshram, Sarita Gajbhiye and Singh, Vijay P and Meshram, Chandrashekhar},
  journal={Theoretical and Applied Climatology},
  volume={129},
  pages={729--744},
  year={2017},
  publisher={Springer}
}
@article{medvigy2012trends,
  title={Trends in daily solar radiation and precipitation coefficients of variation since 1984},
  author={Medvigy, David and Beaulieu, Claudie},
  journal={Journal of Climate},
  volume={25},
  number={4},
  pages={1330--1339},
  year={2012},
  publisher={American Meteorological Society}
}

@article{yule2013costs,
  title={Costs, benefits, and loss of vertically transmitted symbionts affect host population dynamics},
  author={Yule, Kelsey M and Miller, Tom EX and Rudgers, Jennifer A},
  journal={Oikos},
  volume={122},
  number={10},
  pages={1512--1520},
  year={2013},
  publisher={Wiley Online Library}
}

@article{silva2024robust,
  title={Robust leave-one-out cross-validation for high-dimensional Bayesian models},
  author={Silva, Luca Alessandro and Zanella, Giacomo},
  journal={Journal of the American Statistical Association},
  volume={119},
  number={547},
  pages={2369--2381},
  year={2024},
  publisher={Taylor \& Francis}
}

@article{vehtari2017practical,
  title={Practical Bayesian model evaluation using leave-one-out cross-validation and WAIC},
  author={Vehtari, Aki and Gelman, Andrew and Gabry, Jonah},
  journal={Statistics and computing},
  volume={27},
  pages={1413--1432},
  year={2017},
  publisher={Springer}
}


@Article{fowler2023geographic,
  author    = {Fowler, Joshua C and Donald, Marion L and Bronstein, Judith L and Miller, Tom EX},
  journal   = {Ecological Monographs},
  title     = {The geographic footprint of mutualism: How mutualists influence species' range limits},
  year      = {2023},
  number    = {1},
  pages     = {e1558},
  volume    = {93},
  publisher = {Wiley Online Library},
}

@Article{atala2022fungal,
  author  = {Atala, Cristian and Acu{\~n}a-Rodr{\'\i}guez, Ian S and Torres-D{\'\i}az, Cristian and Molina-Montenegro, Marco A},
  journal = {New Phytologist},
  title   = {Fungal endophytes improve the performance of host plants but do not eliminate the growth/defence trade-off.},
  year    = {2022},
  number  = {2},
  volume  = {235},
}

@Article{bastias2017epichloe,
  author    = {Bastias, Daniel A and Mart{\'\i}nez-Ghersa, M Alejandra and Ballar{\'e}, Carlos L and Gundel, Pedro E},
  journal   = {Trends in Plant Science},
  title     = {Epichlo{\"e} fungal endophytes and plant defenses: not just alkaloids},
  year      = {2017},
  number    = {11},
  pages     = {939--948},
  volume    = {22},
  publisher = {Elsevier},
}

@Article{cui2024review,
  author    = {Cui, Jiamin and Nie, Fanxuan and Zhao, Yuquan and Zhang, Dawei and Zhou, Dinggang and Wu, Jinfeng and Qu, Liang and Xiao, Lu and Liu, Lili},
  journal   = {Environmental Pollutants and Bioavailability},
  title     = {A review on plant endophytes in response to abiotic stress},
  year      = {2024},
  number    = {1},
  pages     = {2323123},
  volume    = {36},
  publisher = {Taylor \& Francis},
}

@Article{davitt2011understanding,
  author    = {Davitt, Andrew J and Chen, Chris and Rudgers, Jennifer A},
  journal   = {Environmental and Experimental Botany},
  title     = {Understanding context-dependency in plant--microbe symbiosis: the influence of abiotic and biotic contexts on host fitness and the rate of symbiont transmission},
  year      = {2011},
  number    = {2},
  pages     = {137--145},
  volume    = {71},
  publisher = {Elsevier},
}

@Article{benning2021microbes,
  author    = {Benning, John W and Moeller, David A},
  journal   = {New Phytologist},
  title     = {Microbes, mutualism, and range margins: testing the fitness consequences of soil microbial communities across and beyond a native plant's range},
  year      = {2021},
  number    = {5},
  pages     = {2886--2900},
  volume    = {229},
  publisher = {Wiley Online Library},
}

@Article{benning2021plant,
  author    = {Benning, John W and Moeller, David A},
  journal   = {Ecology},
  title     = {Plant--soil interactions limit lifetime fitness outside a native plantâ€™s geographic range margin},
  year      = {2021},
  number    = {3},
  pages     = {e03254},
  volume    = {102},
  publisher = {Wiley Online Library},
}

@Article{david2019soil,
  author    = {David, Aaron S and Quintana-Ascencio, Pedro F and Menges, Eric S and Thapa-Magar, Khum B and Afkhami, Michelle E and Searcy, Christopher A},
  journal   = {The American Naturalist},
  title     = {Soil microbiomes underlie population persistence of an endangered plant species},
  year      = {2019},
  number    = {4},
  pages     = {488--494},
  volume    = {194},
  publisher = {The University of Chicago Press Chicago, IL},
}

@Article{afkhami2014mutualist,
  author    = {Afkhami, Michelle E and McIntyre, Patrick J and Strauss, Sharon Y},
  journal   = {Ecology letters},
  title     = {Mutualist-mediated effects on species' range limits across large geographic scales},
  year      = {2014},
  number    = {10},
  pages     = {1265--1273},
  volume    = {17},
  publisher = {Wiley Online Library},
}

@Article{allsup2023shifting,
  author    = {Allsup, Cassandra M and George, Isabelle and Lankau, Richard A},
  journal   = {Science},
  title     = {Shifting microbial communities can enhance tree tolerance to changing climates},
  year      = {2023},
  number    = {6647},
  pages     = {835--840},
  volume    = {380},
  publisher = {American Association for the Advancement of Science},
}

@Article{rudgers2020climate,
  author    = {Rudgers, Jennifer A and Afkhami, Michelle E and Bell-Dereske, Lukas and Chung, Y Anny and Crawford, Kerri M and Kivlin, Stephanie N and Mann, Michael A and Nu{\~n}ez, Martin A},
  journal   = {Annual review of ecology, evolution, and systematics},
  title     = {Climate disruption of plant-microbe interactions},
  year      = {2020},
  pages     = {561--586},
  volume    = {51},
  publisher = {Annual Reviews},
}

@Article{stanton2011does,
  author    = {Stanton-Geddes, John and Anderson, Carolyn G},
  journal   = {Oecologia},
  title     = {Does a facultative mutualism limit species range expansion?},
  year      = {2011},
  pages     = {149--155},
  volume    = {167},
  publisher = {Springer},
}

@Article{kazenel2015mutualistic,
  author    = {Kazenel, Melanie R and Debban, Catherine L and Ranelli, Luciana and Hendricks, Will Q and Chung, Y Anny and Pendergast IV, Thomas H and Charlton, Nikki D and Young, Carolyn A and Rudgers, Jennifer A},
  journal   = {AoB plants},
  title     = {A mutualistic endophyte alters the niche dimensions of its host plant},
  year      = {2015},
  pages     = {plv005},
  volume    = {7},
  publisher = {Oxford University Press},
}

@Article{bruno2003inclusion,
  author    = {Bruno, John F and Stachowicz, John J and Bertness, Mark D},
  journal   = {Trends in ecology \& evolution},
  title     = {Inclusion of facilitation into ecological theory},
  year      = {2003},
  number    = {3},
  pages     = {119--125},
  volume    = {18},
  publisher = {Elsevier},
}

@Article{rudgers2012there,
  author    = {Rudgers, Jennifer A and Miller, Tom EX and Ziegler, Shaun M and Craven, Kelly D},
  journal   = {Ecology},
  title     = {There are many ways to be a mutualist: endophytic fungus reduces plant survival but increases population growth},
  year      = {2012},
  number    = {3},
  pages     = {565--574},
  volume    = {93},
  publisher = {Wiley Online Library},
}

@Article{ahlholm2002vertically,
  author    = {Ahlholm, Jouni U and Helander, Marjo and Lehtim{\"a}ki, Silja and W{\"a}li, Piippa and Saikkonen, Kari},
  journal   = {Oikos},
  title     = {Vertically transmitted fungal endophytes: different responses of host-parasite systems to environmental conditions},
  year      = {2002},
  number    = {1},
  pages     = {173--183},
  volume    = {99},
  publisher = {Wiley Online Library},
}

@Article{saikkonen1998fungal,
  author    = {Saikkonen, Kari and Faeth, Stanley H and Helander, M and Sullivan, TJ},
  journal   = {Annual review of Ecology and Systematics},
  title     = {Fungal endophytes: a continuum of interactions with host plants},
  year      = {1998},
  number    = {1},
  pages     = {319--343},
  volume    = {29},
  publisher = {Annual Reviews 4139 El Camino Way, PO Box 10139, Palo Alto, CA 94303-0139, USA},
}

@Article{de2006fungal,
  author    = {De Sassi, Claudio and M{\"u}ller, Christine B and Krauss, Jochen},
  journal   = {Proceedings of the Royal Society B: Biological Sciences},
  title     = {Fungal plant endosymbionts alter life history and reproductive success of aphid predators},
  year      = {2006},
  number    = {1591},
  pages     = {1301--1306},
  volume    = {273},
  publisher = {The Royal Society London},
}

@Article{vega2008insect,
  author    = {Vega, Fernando E},
  journal   = {Journal of invertebrate pathology},
  title     = {Insect pathology and fungal endophytes},
  year      = {2008},
  number    = {3},
  pages     = {277--279},
  volume    = {98},
  publisher = {Elsevier},
}

@Article{garcia2014symbiont,
  author    = {Garcia, Justine R and Gerardo, Nicole M},
  journal   = {Frontiers in Microbiology},
  title     = {The symbiont side of symbiosis: do microbes really benefit?},
  year      = {2014},
  pages     = {510},
  volume    = {5},
  publisher = {Frontiers Media SA},
}

@Article{bennett2022costs,
  author    = {Bennett, Alison E and Groten, Karin},
  journal   = {Annual Review of Plant Biology},
  title     = {The costs and benefits of plant--arbuscular mycorrhizal fungal interactions},
  year      = {2022},
  number    = {1},
  pages     = {649--672},
  volume    = {73},
  publisher = {Annual Reviews},
}

@Article{lopez2021microbial,
  author    = {Lopez, Zoie C and Friesen, Maren L and Von Wettberg, Eric and New, Leslie and Porter, Stephanie},
  journal   = {Biological Invasions},
  title     = {Microbial mutualist distribution limits spread of the invasive legume Medicago polymorpha},
  year      = {2021},
  pages     = {843--856},
  volume    = {23},
  publisher = {Springer},
}

@Misc{schwinning2022common,
  author    = {Schwinning, Susanne and Lortie, Christopher J and Esque, Todd C and DeFalco, Lesley A},
  title     = {What common-garden experiments tell us about climate responses in plants},
  year      = {2022},
  journal   = {Journal of Ecology},
  number    = {5},
  pages     = {986--996},
  publisher = {Wiley Online Library},
  volume    = {110},
}

@Article{sneck2019does,
  author    = {Sneck, Michelle E and Rudgers, Jennifer A and Young, Carolyn A and Miller, Tom EX},
  journal   = {Oikos},
  title     = {Does host outcrossing disrupt compatibility with heritable symbionts?},
  year      = {2019},
  number    = {6},
  pages     = {892--903},
  volume    = {128},
  publisher = {Wiley Online Library},
}

@Article{rudgers2009benefits,
  author    = {Rudgers, Jennifer A and Swafford, Angela L},
  journal   = {Basic and Applied Ecology},
  title     = {Benefits of a fungal endophyte in Elymus virginicus decline under drought stress},
  year      = {2009},
  number    = {1},
  pages     = {43--51},
  volume    = {10},
  publisher = {Elsevier},
}

@Article{beaudry1951seed,
  author    = {Beaudry, Jean-Romuald},
  journal   = {Genetics},
  title     = {Seed development following the mating Elymus virginicus L. x Agropyron repens (L.) Beauv},
  year      = {1951},
  number    = {2},
  pages     = {109},
  volume    = {36},
  publisher = {Oxford University Press},
}

@Book{shaw2011guide,
  author    = {Shaw, Robert B},
  publisher = {Texas A\&M University Press},
  title     = {Guide to Texas grasses},
  year      = {2011},
}

@Article{sneck2017variation,
  author    = {Sneck, Michelle E and Rudgers, Jennifer A and Young, Carolyn A and Miller, Tom EX},
  journal   = {Microbial Ecology},
  title     = {Variation in the prevalence and transmission of heritable symbionts across host populations in heterogeneous environments},
  year      = {2017},
  pages     = {640--653},
  volume    = {74},
  publisher = {Springer},
}

@Article{church1958artificial,
  author    = {Church, George L},
  journal   = {American Journal of Botany},
  title     = {Artificial hybrids of Elymus virginicus with E. canadensis, interruptus, riparius, and wiegandii},
  year      = {1958},
  pages     = {410--417},
  publisher = {JSTOR},
}

@Article{laughton2014combined,
  author    = {Laughton, Alice M and Fan, Maretta H and Gerardo, Nicole M},
  journal   = {Applied and environmental microbiology},
  title     = {The combined effects of bacterial symbionts and aging on life history traits in the pea aphid, Acyrthosiphon pisum},
  year      = {2014},
  number    = {2},
  pages     = {470--477},
  volume    = {80},
  publisher = {Am Soc Microbiol},
}

@Article{hoeksema2015context,
  author    = {Hoeksema, Jason D and Bruna, Emilio M},
  journal   = {Mutualism},
  title     = {Context-dependent outcomes of mutualistic interactions},
  year      = {2015},
  pages     = {181--202},
  volume    = {10},
  publisher = {Oxford University Press Oxford, UK},
}

@Article{bronstein1994conditional,
  author    = {Bronstein, Judith L},
  journal   = {Trends in ecology \& evolution},
  title     = {Conditional outcomes in mutualistic interactions},
  year      = {1994},
  number    = {6},
  pages     = {214--217},
  volume    = {9},
  publisher = {Elsevier Current Trends},
}

@Article{faeth2009asexual,
  author    = {Faeth, Stanley H},
  journal   = {The American Naturalist},
  title     = {Asexual fungal symbionts alter reproductive allocation and herbivory over time in their native perennial grass hosts},
  year      = {2009},
  number    = {5},
  pages     = {554--565},
  volume    = {173},
  publisher = {The University of Chicago Press},
}

@Article{clay2002evolutionary,
  author    = {Clay, Keith and Schardl, Christopher},
  journal   = {the american naturalist},
  title     = {Evolutionary origins and ecological consequences of endophyte symbiosis with grasses},
  year      = {2002},
  number    = {S4},
  pages     = {S99--S127},
  volume    = {160},
  publisher = {The University of Chicago Press},
}

@Article{yule2013costs,
  author    = {Yule, Kelsey M and Miller, Tom EX and Rudgers, Jennifer A},
  journal   = {Oikos},
  title     = {Costs, benefits, and loss of vertically transmitted symbionts affect host population dynamics},
  year      = {2013},
  number    = {10},
  pages     = {1512--1520},
  volume    = {122},
  publisher = {Wiley Online Library},
}

@Article{bibian2016role,
  author    = {Bibian, Andrew J and Rudgers, Jennifer A and Miller, Tom EX},
  journal   = {The American Naturalist},
  title     = {The role of host demographic storage in the ecological dynamics of heritable symbionts},
  year      = {2016},
  number    = {4},
  pages     = {446--459},
  volume    = {188},
  publisher = {University of Chicago Press Chicago, IL},
}

@Article{giauque2019endophyte,
  author    = {Giauque, Hannah and Connor, Elise W and Hawkes, Christine V},
  journal   = {New Phytologist},
  title     = {Endophyte traits relevant to stress tolerance, resource use and habitat of origin predict effects on host plants},
  year      = {2019},
  number    = {4},
  pages     = {2239--2249},
  volume    = {221},
  publisher = {Wiley Online Library},
}

@Comment{jabref-meta: databaseType:bibtex;}
