@misc{https://doi.org/10.15468/dl.cvwfey,
  doi = {10.15468/DL.CVWFEY},
  url = {https://www.gbif.org/occurrence/download/0020785-250127130748423},
  author = {{GBIF.Org User}},
  keywords = {GBIF, biodiversity, species occurrences},
  title = {Occurrence Download},
  publisher = {The Global Biodiversity Information Facility},
  year = {2025},
  copyright = {Creative Commons Attribution Non Commercial 4.0 International}
}
